<record><leader>00000cas a2200000 a 4500</leader><controlfield tag="001">13197457</controlfield><controlfield tag="008">860225d19711990ncudr ne      0   a0eng d</controlfield><datafield ind1=" " ind2=" " tag="010"><subfield code="a">sn 92074072 </subfield></datafield><datafield ind1=" " ind2=" " tag="040"><subfield code="a">NCS</subfield><subfield code="b">eng</subfield><subfield code="c">NCS</subfield><subfield code="d">NSD</subfield><subfield code="d">NVJ</subfield><subfield code="d">OCL</subfield><subfield code="d">OCLCQ</subfield></datafield><datafield ind1=" " ind2=" " tag="032"><subfield code="a">976760</subfield><subfield code="b">USPS</subfield></datafield><datafield ind1=" " ind2=" " tag="042"><subfield code="a">msc</subfield></datafield><datafield ind1="0" ind2="4" tag="245"><subfield code="a">The Fayetteville times.</subfield></datafield><datafield ind1="3" ind2="0" tag="246"><subfield code="a">Fayetteville observer Fayetteville times</subfield></datafield><datafield ind1="1" ind2="7" tag="246"><subfield code="a">Fayetteville observer-times</subfield><subfield code="f">&lt;Nov. 7, 1982?-&gt;</subfield></datafield><datafield ind1=" " ind2=" " tag="260"><subfield code="a">Fayetteville, N.C. :</subfield><subfield code="b">Fayetteville Pub. Co.</subfield></datafield><datafield ind1=" " ind2=" " tag="310"><subfield code="a">Daily</subfield></datafield><datafield ind1="0" ind2=" " tag="362"><subfield code="a">Vol. 1, no. 1 (July 2, 1971)-</subfield></datafield><datafield ind1="1" ind2=" " tag="362"><subfield code="a">Ceased in Aug. 1990.</subfield></datafield><datafield ind1=" " ind2=" " tag="500"><subfield code="a">On Sunday, published with the Fayetteville observer, &lt;July 2, 1971&gt;- On Saturday and Sunday, published as: The Fayetteville observer The Fayetteville times, &lt;Nov. 7, 1982-&gt;. Running title, Saturday and Sunday: Fayetteville observer-times.</subfield></datafield><datafield ind1=" " ind2=" " tag="500"><subfield code="a">Independent.</subfield></datafield><datafield ind1=" " ind2=" " tag="752"><subfield code="a">United States</subfield><subfield code="b">North Carolina</subfield><subfield code="c">Cumberland</subfield><subfield code="d">Fayetteville.</subfield></datafield><datafield ind1="0" ind2="7" tag="785"><subfield code="t">Fayetteville observer (Fayetteville, N.C. : 1920)</subfield><subfield code="w">(DLC)sn 84020773</subfield><subfield code="w">(OCoLC)11522397</subfield></datafield><datafield ind1="0" ind2="7" tag="785"><subfield code="t">Fayetteville observer-times</subfield><subfield code="x">1052-9829</subfield><subfield code="w">(DLC)sn 90003861</subfield><subfield code="w">(OCoLC)22441454</subfield></datafield><datafield ind1=" " ind2=" " tag="936"><subfield code="a">Dec. 2, 1985</subfield></datafield></record>